% Encoding: UTF-8
@online{Answer.AI2024,
  author = {Answer.AI},
  title = {Answer.AI - You can now train a 70b language model at home},
  date = {2024-03-06},
  url = {https://www.answer.ai/posts/2024-03-06-fsdp-qlora.html},
  urldate = {2024-03-09}
},
@online{replicate2023,
  author = {Replicate},
  title = {How does Replicate work?},
  date = {2024-03-16},
  url = {https://replicate.com/docs/how-does-replicate-work},
  urldate = {2024-03-16}
}

@Comment{jabref-meta: databaseType:biblatex;}
