% Encoding: UTF-8
@online{ThomsonReuters2023,
  author = {Thomson Reuters},
  title = {How legal workflow automation turns thousands of tasks into one},
  date = {2023-05-23},
  url = {
         https://legal.thomsonreuters.com/blog/how-automation-turns-thousands-of-tasks-into-one/
         },
  urldate = {2023-12-02},
}

@online{Aston2023,
  author = {Ben Aston},
  title = {Legal Workflow Automation: A Practical Guide to Boosting Efficiency},
  date = {2023-12-02},
  url = {https://thelegalpractice.com/legal-tech/legal-workflow-automation/},
  urldate = {2023-12-02},
}

@online{Clio2023,
  author = {Clio},
  title = {How to Choose the Best Legal Practice Management Software},
  date = {2023-12-04},
  url = {https://www.clio.com/resources/legal-technology/legal-practice-management-software-guide/},
  urldate = {2023-12-04}
}
@Comment{jabref-meta: databaseType:biblatex;}
